@book{rardin2017,
  title = {Optimization in Operations Research},
  author = {Rardin, Ronald L.},
  year = {2017},
  edition = {Second edition},
  publisher = {{Pearson}},
  address = {{Boston}},
  isbn = {978-0-13-438455-9},
  lccn = {T57.7 .R37 2017},
  keywords = {Mathematical optimization,Operations research,Programming (Mathematics)},
  file = {/home/jordivilla/OneDrive/llibres/173-Optimization-in-Operations-Research-Ronald-L.-Rardin-Edisi-2-2015.pdf}
}
